<record><leader>00000cas a2200000 a 4500</leader><controlfield tag="001">36858795</controlfield><controlfield tag="008">970506c19uu9999flubr ne      0    0ger c</controlfield><datafield ind1=" " ind2=" " tag="010"><subfield code="a">sn 97027766 </subfield></datafield><datafield ind1=" " ind2=" " tag="040"><subfield code="a">FUG</subfield><subfield code="b">eng</subfield><subfield code="c">FUG</subfield><subfield code="d">NYS</subfield><subfield code="d">OCLCQ</subfield><subfield code="d">OCLCF</subfield><subfield code="d">OCLCO</subfield></datafield><datafield ind1="1" ind2=" " tag="029"><subfield code="a">AU@</subfield><subfield code="b">000013250334</subfield></datafield><datafield ind1=" " ind2=" " tag="037"><subfield code="b">2430 Shadowlawn Dr., Suite 11, Naples, FL 34112</subfield></datafield><datafield ind1=" " ind2=" " tag="042"><subfield code="a">pcc</subfield></datafield><datafield ind1=" " ind2=" " tag="043"><subfield code="a">n-us-fl</subfield></datafield><datafield ind1="0" ind2="0" tag="245"><subfield code="a">Reisefieber.</subfield></datafield><datafield ind1=" " ind2=" " tag="260"><subfield code="a">Naples, FL :</subfield><subfield code="b">German Tourist Center of Florida</subfield></datafield><datafield ind1=" " ind2=" " tag="300"><subfield code="a">v. :</subfield><subfield code="b">ill. (some col.) ;</subfield><subfield code="c">45 cm.</subfield></datafield><datafield ind1=" " ind2=" " tag="310"><subfield code="a">Bimonthly,</subfield><subfield code="b">&lt;2000&gt;</subfield></datafield><datafield ind1=" " ind2=" " tag="321"><subfield code="a">Quaterly (Jan., Apr., Juli und Okt.),</subfield><subfield code="b">&lt;1997&gt;</subfield></datafield><datafield ind1=" " ind2=" " tag="500"><subfield code="a">"Floridas Deutschsprachige Info Zeitung."</subfield></datafield><datafield ind1=" " ind2=" " tag="546"><subfield code="a">In German.</subfield></datafield><datafield ind1=" " ind2=" " tag="550"><subfield code="a">Editor: Hartwig Raphael.</subfield></datafield><datafield ind1=" " ind2=" " tag="588"><subfield code="a">Description based on: Ausgabe: Apr. '97.</subfield></datafield><datafield ind1=" " ind2=" " tag="588"><subfield code="a">Latest issue consulted: 7. Jahrg. (Okt./Nov. 2000).</subfield></datafield><datafield ind1=" " ind2="0" tag="650"><subfield code="a">Germans</subfield><subfield code="z">Florida</subfield><subfield code="v">Newspapers.</subfield></datafield><datafield ind1=" " ind2="0" tag="651"><subfield code="a">Naples (Fla.)</subfield><subfield code="v">Newspapers.</subfield></datafield><datafield ind1=" " ind2="0" tag="651"><subfield code="a">Collier County (Fla.)</subfield><subfield code="v">Newspapers.</subfield></datafield><datafield ind1=" " ind2="7" tag="655"><subfield code="a">Newspapers.</subfield><subfield code="2">fast</subfield><subfield code="0">(OCoLC)fst01423814</subfield></datafield><datafield ind1=" " ind2="7" tag="650"><subfield code="a">Germans.</subfield><subfield code="2">fast</subfield><subfield code="0">(OCoLC)fst00942100</subfield></datafield><datafield ind1=" " ind2="7" tag="651"><subfield code="a">Florida.</subfield><subfield code="2">fast</subfield><subfield code="0">(OCoLC)fst01205150</subfield></datafield><datafield ind1=" " ind2="7" tag="651"><subfield code="a">Florida</subfield><subfield code="z">Collier County.</subfield><subfield code="2">fast</subfield><subfield code="0">(OCoLC)fst01215459</subfield></datafield><datafield ind1=" " ind2="7" tag="651"><subfield code="a">Florida</subfield><subfield code="z">Naples.</subfield><subfield code="2">fast</subfield><subfield code="0">(OCoLC)fst01213255</subfield></datafield><datafield ind1=" " ind2=" " tag="752"><subfield code="a">United States</subfield><subfield code="b">Florida</subfield><subfield code="c">Collier</subfield><subfield code="d">Naples.</subfield></datafield><datafield ind1="4" ind2="1" tag="856"><subfield code="u">http://www.naplesinfo.com/html/reisefieber.htm</subfield></datafield></record>